<record xmlns="http://www.openarchives.org/OAI/2.0/" xmlns:xsi="http://www.w3.org/2001/XMLSchema-instance"><header><identifier>oai:alma.34CSIC_INST:990012274670204201</identifier><datestamp>2020-02-06T08:41:03Z</datestamp><setSpec>manuscripta</setSpec></header><metadata><record xmlns="http://www.loc.gov/MARC21/slim" xmlns:xsi="http://www.w3.org/2001/XMLSchema-instance" xsi:schemaLocation="http://www.loc.gov/MARC21/slim http://www.loc.gov/standards/marcxml/schema/MARC21slim.xsd"><leader>06184ntm a2200613 i 4500</leader><controlfield tag="005">20181031100341.0</controlfield><controlfield tag="008">100330q1600    sp            000 0 ara d</controlfield><controlfield tag="001">990012274670204201</controlfield><datafield tag="035" ind1=" " ind2=" "><subfield code="a">CSIC001227467</subfield></datafield><datafield tag="035" ind1=" " ind2=" "><subfield code="a">(ES-MaCSI)001227467MAD01-Aleph</subfield></datafield><datafield tag="035" ind1=" " ind2=" "><subfield code="a">(OCoLC)1123789150
</subfield></datafield><datafield tag="040" ind1=" " ind2=" "><subfield code="a">ES-MaCSI</subfield><subfield code="b">spa</subfield></datafield><datafield tag="080" ind1=" " ind2=" "><subfield code="a">091(=411.21)</subfield></datafield><datafield tag="080" ind1=" " ind2=" "><subfield code="a">28</subfield></datafield><datafield tag="240" ind1="1" ind2="0"><subfield code="a">Castigos para las gentes</subfield></datafield><datafield tag="245" ind1="1" ind2="0"><subfield code="a">Este es el libro de grandes pedricaciones [sic] y castigos y dexenplos en el adín del al-içlam para las gentes</subfield><subfield code="h">[Manuscrito]</subfield></datafield><datafield tag="260" ind1=" " ind2=" "><subfield code="a">[S.l.],</subfield><subfield code="c">[s.a., S. XVI].</subfield></datafield><datafield tag="300" ind1=" " ind2=" "><subfield code="a">490 ff. (Una col., 17 líneas por pág.) :</subfield><subfield code="b">Papel ;</subfield><subfield code="c">25,5 x 19 cms (caja: 18,7 x 12,5 cms).</subfield></datafield><datafield tag="490" ind1="0" ind2=" "><subfield code="a">Manuscripta</subfield></datafield><datafield tag="500" ind1=" " ind2=" "><subfield code="a">Incipit: (بعد البسملة وعنوان) فُوَا رَاكُنْتَدُ. بُّر سَعِيدْ فِخُّدَا اُمَر بُّرْشُبَّدْرَاَ كَا دِيشُ</subfield></datafield><datafield tag="500" ind1=" " ind2=" "><subfield code="a">Explicit: بُّرْكَا ءَارَ يَكُنْبِّلِذُ شُبَّلَزُاِكَانُشَاءَانْغَرَنْدَاسِيَاشَا كُنْ ءَالُّ لَبِيَدَدْ [دَا اللهْ] شَااَ شُبْ[رَالْ]</subfield></datafield><datafield tag="500" ind1=" " ind2=" "><subfield code="a">Tinta marrón oscura y negra, tanto para el ductus como para la decoración.</subfield></datafield><datafield tag="500" ind1=" " ind2=" "><subfield code="a">Copista: Desconocido. Varias manos.</subfield></datafield><datafield tag="500" ind1=" " ind2=" "><subfield code="a">Colofón: No.</subfield></datafield><datafield tag="500" ind1=" " ind2=" "><subfield code="a">Características especiales: No.</subfield></datafield><datafield tag="500" ind1=" " ind2=" "><subfield code="a">Ilustración: No.</subfield></datafield><datafield tag="500" ind1=" " ind2=" "><subfield code="a">Ilustraciones: Cenefas rectangulares con motivos geométricos muy simples; trenzas; palmetas enfrentadas. Tres puntos en forma de pirámide. Motivos vegetales trilobulados. Manecillas en el margen.</subfield></datafield><datafield tag="500" ind1=" " ind2=" "><subfield code="a">Tipo de cuaderno: 39 cuadernos: 1 cuaternión, 8 quiniones, 22 sexternos, 5 septernos, 1 octerno, 1 de 11 bifolios, 1 de 13 bifolios.</subfield></datafield><datafield tag="500" ind1=" " ind2=" "><subfield code="a">Deterioros: Tinta de primeros 52 folios muy desvaída. En algunas hojas, la tinta metalogálica ha manchado y roto en buena parte el papel. Los ff. 385 al final presentan las consecuencias del fuego, y desde el f. 426 afecta al texto en una proporción cada vez mayor a medida que se alcanza el final del códice. Galerías de insectos, especialmente en primeras hojas, que no afectan en ningún caso al texto. Algunas manchas de tinta. Manchas de ceniza.</subfield></datafield><datafield tag="500" ind1=" " ind2=" "><subfield code="a">H. en blanco: Hojas de guarda, 1ar y 490v.</subfield></datafield><datafield tag="500" ind1=" " ind2=" "><subfield code="a">H dañadas, mutiladas, sueltas: F. 447 suelto.</subfield></datafield><datafield tag="500" ind1=" " ind2=" "><subfield code="a">H. faltan o añadidas: No.</subfield></datafield><datafield tag="500" ind1=" " ind2=" "><subfield code="a">Foliación: Ff. 1-490. Moderna, a lápiz, en el margen externo centrado del recto. Repetición de 134 (lo marca como bis), 226, 471. No se folia 232, 243-246 y 280-287. A tinta negra, por otra mano, en el margen izq. de 1r, “1a”.</subfield></datafield><datafield tag="500" ind1=" " ind2=" "><subfield code="a">Reclamos: En horizontal, en esquina inferior derecha del verso del último folio. Volumen muy guillotinado, por lo que apenas se ve.</subfield></datafield><datafield tag="500" ind1=" " ind2=" "><subfield code="a">Signatura de cuaderno: No.</subfield></datafield><datafield tag="500" ind1=" " ind2=" "><subfield code="a">Pautado: Línea de justificación externa, en verso del folio; gran homogeneidad de impaginación.</subfield></datafield><datafield tag="500" ind1=" " ind2=" "><subfield code="a">Filigrana: Mano con flor en la parte superior.</subfield></datafield><datafield tag="500" ind1=" " ind2=" "><subfield code="a">Signatura antigua: Junta 8</subfield></datafield><datafield tag="500" ind1=" " ind2=" "><subfield code="a">Anotaciones: Correcciones y llamadas de atención al margen.</subfield></datafield><datafield tag="510" ind1="3" ind2=" "><subfield code="a">Descripción: Julián Ribera y Miguel Asín, Manuscritos árabes y aljamiados de la Biblioteca de la Junta, Madrid, Junta para Ampliación de Estudios e Investigaciones Científicas, 1912, pp. 44-49.</subfield></datafield><datafield tag="510" ind1="4" ind2=" "><subfield code="a">Bibliografía: Nuria Martínez de Castilla, Edición, estudio y glosario del manuscrito T19 de la Real Academia de la Historia, Madrid, UCM, 2005. Luce López-Baralt, El maravilloso viaje de Buluquía a los confines del universo, Madrid, Trotta, 2008. María José Cervera Fras, Manuscritos moriscos aragoneses, Zaragoza, IEIOP, 2010 (reproducción, p. 16).</subfield></datafield><datafield tag="520" ind1=" " ind2=" "><subfield code="a">Capítulos morales y doctrinales.</subfield></datafield><datafield tag="530" ind1=" " ind2=" "><subfield code="a">María Pilar Martínez Olmo, Colección de manuscritos árabes y aljamiados de la Biblioteca del Instituto de Filología del CSIC [recurso electrónico]: los manuscritos de la Junta, Madrid, CSIC, 1998, 4 Cd-Rom.</subfield></datafield><datafield tag="541" ind1=" " ind2=" "><subfield code="a">Procedencia: Almonacid de la Sierra.</subfield><subfield code="d">Ingreso: Junio de 1910.</subfield></datafield><datafield tag="546" ind1=" " ind2=" "><subfield code="a">Aljamía y árabe</subfield><subfield code="b">con escritura magrebí</subfield></datafield><datafield tag="563" ind1=" " ind2=" "><subfield code="a">Perdida. Conserva la estructura interna.</subfield></datafield><datafield tag="594" ind1=" " ind2="1"><subfield code="a">Resposabilidad desconocida</subfield></datafield><datafield tag="595" ind1=" " ind2=" "><subfield code="a">María Josefa Fernández, Libro de castigos, tesis doctoral inédita, Oviedo, 1986, 3 vols. Consuelo López Morillas, Textos aljamiados sobre la vida de Mahoma, el profeta de los moriscos, Madrid, CSIC, 1994, pp. 96-97, 105-107 y 110-119.</subfield></datafield><datafield tag="650" ind1=" " ind2="7"><subfield code="a">Manuscritos árabes.</subfield><subfield code="2">CSICAU</subfield></datafield><datafield tag="650" ind1=" " ind2="7"><subfield code="a">Manuscritos aljamiados.</subfield><subfield code="2">CSICAU</subfield></datafield><datafield tag="650" ind1=" " ind2="7"><subfield code="a">Islam</subfield><subfield code="x">Doctrinas.</subfield><subfield code="2">CSICAU</subfield></datafield><datafield tag="830" ind1=" " ind2="0"><subfield code="a">Manuscripta</subfield></datafield><datafield tag="856" ind1="4" ind2="1"><subfield code="u">http://aleph.csic.es/imagenes/mad01/0006_PMSC/P_001227467_650821_V00.pdf</subfield><subfield code="z">Descargar Pdf completo (49M)</subfield><subfield code="m">CSIC</subfield></datafield><datafield tag="856" ind1="4" ind2="1"><subfield code="u">http://simurg.bibliotecas.csic.es/viewer/image/CSIC001227467/1/</subfield><subfield code="z">Ver texto completo en SIMURG, el portal de fondos digitalizados del CSIC</subfield><subfield code="m">CSIC</subfield></datafield><datafield tag="856" ind1="4" ind2="1"><subfield code="u">http://aleph.csic.es/imagenes/mad01/0006_PMSC/html/001227467.html</subfield><subfield code="z">Ver texto completo en Bookreader</subfield></datafield></record></metadata></record>